% This file was created with Citavi 6.5.0.0

@misc{PTPark,
 year = {18.01.2021},
 title = {Entwicklungszentrum Weissach: Die Herzkammer von Porsche},
 url = {https://newsroom.porsche.com/de/2021/unternehmen/porsche-entwicklungszentrum-weissach-christophorus-397-23144.html},
 address = {https://newsroom.porsche.com/de/2021/unternehmen/porsche-entwicklungszentrum-weissach-christophorus-397-23144.html},
 publisher = {{Porsche Newsroom}}
}


